@article {halperin1972stiefel,
	AUTHOR = {Halperin, Stephen and Toledo, Domingo},
	TITLE = {Stiefel-{W}hitney homology classes},
	JOURNAL = {Ann. of Math. (2)},
	FJOURNAL = {Annals of Mathematics. Second Series},
	VOLUME = {96},
	YEAR = {1972},
	PAGES = {511--525},
	ISSN = {0003-486X},
	MRCLASS = {57D20},
	MRNUMBER = {312515},
	MRREVIEWER = {J. P. Levine},
	DOI = {10.2307/1970823},
	URL = {https://doi.org/10.2307/1970823},
}