@article {halperin1972stiefel_whitney,
	AUTHOR = {Halperin, Stephen and Toledo, Domingo},
	TITLE = {Stiefel-{W}hitney homology classes},
	JOURNAL = {Ann. of Math. (2)},
	FJOURNAL = {Annals of Mathematics. Second Series},
	VOLUME = {96},
	YEAR = {1972},
	PAGES = {511--525},
	ISSN = {0003-486X},
	MRCLASS = {57D20},
	MRNUMBER = {312515},
	MRREVIEWER = {J. P. Levine},
	DOI = {10.2307/1970823},
	URL = {https://doi.org/10.2307/1970823},
}

@article {whitney1940sphere_bundles,
	AUTHOR = {Whitney, Hassler},
	TITLE = {On the theory of sphere-bundles},
	JOURNAL = {Proc. Nat. Acad. Sci. U.S.A.},
	FJOURNAL = {Proceedings of the National Academy of Sciences of the United
	States of America},
	VOLUME = {26},
	YEAR = {1940},
	PAGES = {148--153},
	ISSN = {0027-8424},
	MRCLASS = {56.0X},
	MRNUMBER = {1338},
	MRREVIEWER = {A. W. Tucker},
	DOI = {10.1073/pnas.26.2.148},
	URL = {https://doi.org/10.1073/pnas.26.2.148},
}